@BOOK{Kapon99,
	editor = "Kapon, Eli",
	title = "Semiconductor lasers II Materials and Structures",
	publisher = "Academic Press",
	year = 1999,
	numpages = 397,
	language = "english"
}

@ARTICLE{Einstein17,
	author = "Einstein, Albert",
	title = "The Quantum theory of Radiation",
	journal = "Physikalische Zeitschrift",
	volume  = 18,
	pages = {121-128},
	year = 1917,
	language = "english"
}